<?xml version="1.0" encoding="UTF-8"?>
<record xmlns="http://www.loc.gov/MARC21/slim" xmlns:xsi="http://www.w3.org/2001/XMLSchema-instance" xsi:schemaLocation="http://www.loc.gov/MARC21/slim http://www.loc.gov/standards/marcxml/schema/MARC21slim.xsd">
<leader>     cam a2200253 a 4500</leader>
<controlfield tag="001">001796972</controlfield>
<controlfield tag="003">NNU</controlfield>
<controlfield tag="005">19940713181853.0</controlfield>
<controlfield tag="008">890828q19001981ti       b    000 0 araod</controlfield>
<datafield tag="025" ind1=" " ind2=" ">
<subfield code="a">76960418</subfield>
</datafield>
<datafield tag="035" ind1="9" ind2=" ">
<subfield code="a">NYUb10728703</subfield>
</datafield>
<datafield tag="035" ind1=" " ind2=" ">
<subfield code="a">(CStRLIN)NYUG89-B32756</subfield>
</datafield>
<datafield tag="035" ind1=" " ind2=" ">
<subfield code="a">GLIS007287033</subfield>
</datafield>
<datafield tag="040" ind1=" " ind2=" ">
<subfield code="a">MiU</subfield>
<subfield code="c">MiU</subfield>
<subfield code="d">NNU</subfield>
</datafield>
<datafield tag="043" ind1=" " ind2=" ">
<subfield code="a">f-ti---</subfield>
</datafield>
<datafield tag="090" ind1=" " ind2=" ">
<subfield code="i">09/15/89 T</subfield>
<subfield code="h">08/28/89 CT</subfield>
</datafield>
<datafield tag="100" ind1="1" ind2=" ">
<subfield code="a">Tawzarī, Ibrāhīm al-ʻUbaydī.</subfield>
</datafield>
<datafield tag="245" ind1="1" ind2="0">
<subfield code="a">Tārīkh al-tarbiyah bi-Tūnis /</subfield>
<subfield code="c">Ibrāhīm al-ʻUbaydī al-Tūzarī.</subfield>
</datafield>
<datafield tag="260" ind1=" " ind2=" ">
<subfield code="a">[Tūnis] :</subfield>
<subfield code="b">al-Sharikah al-Tūnisīyah lil-Tawzīʻ,</subfield>
<subfield code="c">[19--]</subfield>
</datafield>
<datafield tag="300" ind1=" " ind2=" ">
<subfield code="a">v. ;</subfield>
<subfield code="c">21 cm.</subfield>
</datafield>
<datafield tag="504" ind1=" " ind2=" ">
<subfield code="a">Includes bibliographies.</subfield>
</datafield>
<datafield tag="650" ind1=" " ind2="0">
<subfield code="a">Education</subfield>
<subfield code="z">Tunisia</subfield>
<subfield code="x">History.</subfield>
</datafield>
<datafield tag="OWN" ind1=" " ind2=" ">
<subfield code="a">GENERAL</subfield>
</datafield>
<datafield tag="950" ind1=" " ind2=" ">
<subfield code="l">BMAIN</subfield>
<subfield code="a">LA1816</subfield>
<subfield code="b">.T94 1900z</subfield>
<subfield code="i">09/15/89 N</subfield>
<subfield code="h">08/28/89 C</subfield>
</datafield>
<datafield tag="955" ind1=" " ind2=" ">
<subfield code="l">BMAIN</subfield>
<subfield code="c">1:v.l</subfield>
<subfield code="r">014182268</subfield>
<subfield code="h">08/28/89 C</subfield>
</datafield>
<datafield tag="998" ind1=" " ind2=" ">
<subfield code="a">09/15/89</subfield>
<subfield code="t">c</subfield>
<subfield code="s">9114</subfield>
<subfield code="n">NNU</subfield>
<subfield code="w">MIUG82B3159</subfield>
<subfield code="d">08/28/89</subfield>
<subfield code="c">MG</subfield>
<subfield code="b">NF</subfield>
<subfield code="i">890915</subfield>
<subfield code="h">890828</subfield>
<subfield code="l">NYUG</subfield>
</datafield>
<datafield tag="AVA" ind1=" " ind2=" ">
<subfield code="a">NYU50</subfield>
<subfield code="b">BOBST</subfield>
<subfield code="c">Main Collection</subfield>
<subfield code="d">LA1816 .T94 1900z</subfield>
<subfield code="e">unavailable</subfield>
<subfield code="t">Unavailable</subfield>
<subfield code="f">1</subfield>
<subfield code="g">1</subfield>
<subfield code="h">Y</subfield>
<subfield code="i">0</subfield>
<subfield code="j">MAIN</subfield>
<subfield code="k">0</subfield>
</datafield>
</record>
